@article{tibshirani1996regression,
  title={Regression shrinkage and selection via the lasso},
  author={Tibshirani, Robert},
  journal={Journal of the Royal Statistical Society. Series B (Methodological)},
  pages={267--288},
  year={1996},
  publisher={JSTOR}
}

@misc{martins2016from,
 title={From Softmax to Sparsemax: A Sparse Model of Attention and Multi-Label Classification},
 author={Martins, Andr{\'e} FT and Astudillo, Ram{\'o}n F},
 year=2016,
 journal={arXiv preprint arXiv:1602.02068}
}

@inproceedings{gutmann:2010,
 year=2010,
 booktitle={Proc. AISTATS},
 title={Noise-contrastive estimation: A new estimation principle for unnormalized statistical models},
 author={Michael Gutmann and Aapo Hyv\"{a}rinen}
}

@article{collobert:2011,
 year=2011,
 journal={JMLR},
 title={Natural Language Processing (Almost) from Scratch},
 author={Ronan Collobert and Jason Weston and Le\'on Bottou and Michael Karlen and Koray Kavukcuoglu and Pavel Kuksa}
}

@inproceedings{mikolov:2012,
 year=2012,
 author={Tomas Mikolov and Ilya Sutskeve and Kai Chen and Greg Corrado and Jeffrey Dean},
 title={Distributed Representations of Words and Phrases and their Compositionality},
 booktitle={Proc. NIPS}}

@article{xiao:2010,
 year=2010,
 author={Lin Xiao},
 pages={2543--2596},
 volume=11,
 title={Dual Averaging Methods for Regularized Stochastic Learning and Online Optimization},
 journal={JMLR},
}

@inproceedings{vaswani:2013,
 booktitle={Proc. EMNLP},
 year=2013,
 title={Decoding with Large-Scale Neural Language Models Improves Translation},
 author={Ashish Vaswani and Yinggong Zhao and Victoria Fossum and David Chiang},
}

@inproceedings{bengio:2003,
 year=2003,
 booktitle={Proc. AISTATS},
 title={Quick Training of Probabilistic Neural Nets by Importance Sampling},
 author={Yoshua Bengio and Jean-S\'ebastien Sen\'ecal},
}

@inproceedings{mnih:2013,
 year=2013,
 author={Andriy Mnih and Koray Kavukcuoglu},
 title={Learning word embeddings efficiently with noise-contrastive estimation},
 booktitle={Proc. NIPS}
}

% http://arxiv.org/pdf/1402.3722v1.pdf
@misc{goldberg:2014,
 title={{\tt word2vec} Explained: Deriving {Mikolov} et al.'s Negative-Sampling Word-Embedding Method},
 author={Yoav Goldberg and Omer Levy},
 year=2014,
}

@article{duchi:2011,
 year=2011,
 author={John Duchi and Elad Hazan and Yoram Singer},
 title={Adaptive Subgradient Methods for Online Learning and Stochastic Optimization},
 journal={JMLR},
 volume=12,
 pages={2121--2159},
}

@inproceedings{mnih:2012,
 title={A fast and simple algorithm for training neural probabilistic language models},
 booktitle={Proc. ICML},
 year=2012,
 author={Mnih, Andriy and Teh, Yee Whye},
}

@article{scarborough:1977,
 author={Scarborough, Don L. and Cortese, Charles and Scarborough, Hollis S.},
 year=1977,
 journal={Journal of Experimental Psychology: Human Perception and Performance},
 title={Frequency and repetition effects in lexical memory},
 volume=3,
 number=1,
 pages={1--17},
}

@inproceedings{bybee:1997,
 pages={378--388},
year=1997,
 author={Joan Bybee and Sandra Thompson},
 booktitle={Proceedings of the Twenty-Third Annual Meeting of the Berkeley Linguistics Society: General Session and Parasession on Pragmatics and Grammatical Structure},
 title={Three Frequency Effects in Syntax},
}

@article{goodman:1999,
 year=1999,
 author={Joshua Goodman},
 title={Semiring Parsing},
 journal={Computational Linguistics},
 volume=25,
 number=4
}

@ARTICLE{lbfgs,
    author = {Dong C. Liu and Jorge Nocedal},
    title = {On the limited memory {B}{F}{G}{S} method for large scale optimization},
    journal = {Mathematical Programming B},
    year = {1989},
    volume = {45},
    number = {3},
    pages = {503--528}
}
@book{koller:2009,
  title = {Probabilistic Graphical Models: Principles and Techniques},
  author = {Daphne Koller and Nir Friedman},
  year = 2009,
  publisher = {MIT Press},
}

@book{murphy:2012,
  title = {Machine Learning: A Probabilistic Perspective},
  author = {Kevin P. Murphy},
  year = 2012,
  publisher = {MIT Press},
}

@article{ddl:1997,
 year=1997,
 author={Della Pietra, Stephen and Della Pietra, Vincent and Lafferty, John},
 title={Inducing Features of Random Fields},
 journal={IEEE Transactions on Pattern Analysis and Machine Intelligence},
 volume=19,
 number=4
}

@article{abney:1997,
 year=1997,
 author={Steven P. Abney},
 journal={Computational Linguistics},
 title={Stochastic Attribute-Value Grammars},
}

@inproceedings{johnson:1999,
 year=1999,
 author={Mark Johnson and Stuart Geman and Stephen Canon and Zhiyi Chi and Stefan Riezler},
 booktitle={Proc. ACL},
 title={Estimators for Stochastic ``Unification-Based'' Grammars},
}

@article{smith:2007,
 author={Noah A. Smith and Mark Johnson},
 title={Weighted and Probabilistic Context-Free Grammars Are Equally Expressive},
 journal={Computational Linguistics},
 year=2007
}

@inproceedings{abney:1999,
 year=1999,
 title={Relating Probabilistic Grammars and Automata},
 author={Steven Abney and David McAllester and Fernando Pereira},
 booktitle={Proc. ACL},
}

@article{chi:1999,
 year=1999,
 title={Statistical Properties of Probabilistic Context-Free Grammars},
 author={Zhiyi Chi},
 journal={Computational Linguistics}
}

@incollection{Joshi85,
	author = {Aravind Joshi},
	title = {How much context-sensitivity is necessary for characterizing structural descriptions?},
	booktitle = {Natural Language Processing: Theoretical, Computational and Psychological Perspectives},
	year = {1985},
	editor = {David Dowty and Lauri Karttunen and Arnold Zwicky},
	pages = {206--250},
	publisher = {Cambridge University Press},
	address = {New York}
}

@incollection{VijayShankerEtAl87,
    author = {K. Vijay-Shanker and David J. Weir and Aravind K. Joshi},
    title = {Characterizing structural descriptions produced by various grammatical formalisms},
    booktitle = {Proc.~25th Meeting of Assoc.~Computational Linguistics},
    year = {1987},
    pages = {104--111}
}

@article{Stabler13,
    author = {Edward Stabler},
    title = {Two models of minimalist, incremental syntactic analysis},
    journal = {Topics in Cognitive Science},
    year = {forthcoming}
}

@article{StablerKeenan03,
	author = {Edward P. Stabler and Edward L. Keenan},
	title = {Structural similarity within and among languages},
	journal = {Theoretical Computer Science},
	volume = {293},
	pages = {345--363},
	year = {2003}
}

@incollection{Stabler01,
	author = {Edward P. Stabler},
	title = {Recognizing Head Movement},
	pages = {254--260},
	crossref = {lacl2001}
}
@proceedings{lacl2001,
  editor    = {Philippe de Groote and
               Glyn Morrill and
               Christian Retor{\'e}},
  booktitle = {Logical Aspects of Computational Linguistics},
  publisher = {Springer},
  address   = {Berlin Heidelberg},
  series    = {LNCS},
  volume    = {2099},
  year      = {2001}
}

@incollection{Stabler06,
	author = {Edward P. Stabler},
	title = {Sidewards without copying},
	booktitle = {Proceedings of The 11th Conference on Formal Grammar},
	editor = {Shuly Wintner},
	year = {2006},
	pages = {157--170},
	publisher = {CSLI Publications},
	address = {Stanford, CA}
}

@incollection{Stabler97,
	author = {Edward P. Stabler},
	title = {Derivational Minimalism},
	pages = {68--95},
	crossref = {lacl1996}
}
@proceedings{lacl1996,
  editor    = {Christian Retor{\'e}},
  booktitle = {Logical Aspects of Computational Linguistics},
  publisher = {Springer},
  address   = {Berlin Heidelberg},
  series    = {LNCS},
  volume    = {1328},
  year      = {1997}
}

@incollection{FreyGartner02,
	author = {Frey, Werner and G{\"a}rtner, Hans-Martin},
	title = {On the Treatment of Scrambling and Adjunction in Minimalist Grammars},
	booktitle = {Proceedings of Formal Grammar 2002},
	editor = {Gerhard J{\"a}ger and Paola Monachesi and Gerald Penn and Shuly Wintner},
	year = {2002},
	pages = {41--52}
}

@article{Hale06,
	title = {Uncertainty About the Rest of the Sentence},
	author = {John Hale},
	journal = {Cognitive Science},
	pages = {643-Â­672},
	volume = {30},
	year = {2006},
} 

@book{Kallmeyer10,
	author = {Laura Kallmeyer},
	title = {Parsing Beyond Context-Free Grammars},
	year = {2010},
	publisher = {Springer-Verlag},
	address = {Berlin Heidelberg}
}

@incollection{KobeleEtAl07,
    author = {Gregory M. Kobele and Christian Retor\'{e} and Sylvain Salvati},
    title = {An automata theoretic approach to minimalism},
    booktitle = {Proceedings of the Workshop on Model-Theoretic Syntax at 10; ESSLLI '07},
    editor = {James Rogers and Stephan Kepser},
    year = {2007}
}

@article{SekiEtAl91,
	author = {Hiroyuki Seki and Takashi Matsumara and Mamoru Fujii and Tadao Kasami},
	title = {On multiple context-free grammars},
	journal = {Theoretical Computer Science},
	year = {1991},
	volume = {88},
	pages = {191--229}
}

@incollection{Hunter11-MoL,
	author = {Tim Hunter},
	title = {{Insertion Minimalist Grammars: Eliminating redundancies between merge and move}},
	pages = {90--107},
	booktitle = {The Mathematics of Language (MOL 12 Proceedings)},
	editor = {Makoto Kanazawa and Andr\'{a}s Kornai and Marcus Kracht and Hiroyuki Seki},
	year = {2011},
	publisher = {Springer},
	address = {Berlin Heidelberg},
	series = {LNCS},
	volume = {6878}
}

@incollection{Michaelis98,
	author = {Jens Michaelis},
	title = {Derivational minimalism is mildly context-sensitive},
	pages = {179--198},
	crossref = {lacl1998}
}
@proceedings{lacl1998,
  editor    = {Michael Moortgat},
  title     = {Logical Aspects of Computational Linguistics, Third International
               Conference, LACL'98, Grenoble, France, December 14-16, 1998,
               Selected Papers},
  booktitle = {Logical Aspects of Computational Linguistics, LACL 1998},
  publisher = {Springer},
  address   = {Berlin Heidelberg},
  series    = {LNCS},
  volume    = {2014},
  year      = {2001}
}
